@misc{stacks-project,
  shorthand    = {Stacks},
  author       = {The {Stacks Project Authors}},
  title        = {{Stacks Project}},
  howpublished = {\url{http://stacks.math.columbia.edu}},
  year         = {2017},
}